<record><leader>00000cas a22000007a 4500</leader><controlfield tag="001">18398933</controlfield><controlfield tag="008">880825c189u9999okuwr ne      0    0eng d</controlfield><datafield ind1=" " ind2=" " tag="010"><subfield code="a">sn 88084124 </subfield></datafield><datafield ind1=" " ind2=" " tag="040"><subfield code="a">PPM</subfield><subfield code="b">eng</subfield><subfield code="c">PPM</subfield><subfield code="d">OBN</subfield><subfield code="d">OCL</subfield><subfield code="d">OCLCQ</subfield><subfield code="d">OCLCF</subfield><subfield code="d">OCLCO</subfield><subfield code="d">OCLCQ</subfield></datafield><datafield ind1="0" ind2=" " tag="041"><subfield code="a">eng</subfield><subfield code="a">ger</subfield></datafield><datafield ind1=" " ind2=" " tag="042"><subfield code="a">msc</subfield></datafield><datafield ind1=" " ind2=" " tag="043"><subfield code="a">n-us-ok</subfield></datafield><datafield ind1="0" ind2="0" tag="245"><subfield code="a">Fairview republican.</subfield></datafield><datafield ind1=" " ind2=" " tag="260"><subfield code="a">Fairview, (Woods County), Okla. :</subfield><subfield code="b">Clark &amp; McDowell</subfield></datafield><datafield ind1=" " ind2=" " tag="300"><subfield code="a">volumes</subfield></datafield><datafield ind1=" " ind2=" " tag="310"><subfield code="a">Weekly</subfield></datafield><datafield ind1=" " ind2=" " tag="336"><subfield code="a">text</subfield><subfield code="b">txt</subfield><subfield code="2">rdacontent</subfield></datafield><datafield ind1=" " ind2=" " tag="337"><subfield code="a">unmediated</subfield><subfield code="b">n</subfield><subfield code="2">rdamedia</subfield></datafield><datafield ind1=" " ind2=" " tag="338"><subfield code="a">volume</subfield><subfield code="b">nc</subfield><subfield code="2">rdacarrier</subfield></datafield><datafield ind1=" " ind2=" " tag="546"><subfield code="a">In English and German.</subfield></datafield><datafield ind1=" " ind2=" " tag="580"><subfield code="a">Issued with: Oklahoma post (Fairview, Okla.), Aug 4, 1911-May 3, 1912.</subfield></datafield><datafield ind1=" " ind2=" " tag="588"><subfield code="a">Description based on: Vol. 7, no. 1 (Sep. 28, 1906).</subfield></datafield><datafield ind1=" " ind2="0" tag="651"><subfield code="a">Fairview (Okla.)</subfield><subfield code="v">Newspapers.</subfield></datafield><datafield ind1=" " ind2="0" tag="651"><subfield code="a">Major County (Okla.)</subfield><subfield code="v">Newspapers.</subfield></datafield><datafield ind1=" " ind2="7" tag="651"><subfield code="a">Oklahoma</subfield><subfield code="z">Fairview.</subfield><subfield code="2">fast</subfield><subfield code="0">(OCoLC)fst01227402</subfield></datafield><datafield ind1=" " ind2="7" tag="651"><subfield code="a">Oklahoma</subfield><subfield code="z">Major County.</subfield><subfield code="2">fast</subfield><subfield code="0">(OCoLC)fst01218460</subfield></datafield><datafield ind1=" " ind2="7" tag="655"><subfield code="a">Newspapers.</subfield><subfield code="2">fast</subfield><subfield code="0">(OCoLC)fst01423814</subfield></datafield><datafield ind1=" " ind2=" " tag="752"><subfield code="a">United States</subfield><subfield code="b">Oklahoma</subfield><subfield code="c">Major</subfield><subfield code="d">Fairview.</subfield></datafield><datafield ind1="1" ind2=" " tag="777"><subfield code="t">Oklahoma post (Fairview, Okla.)</subfield><subfield code="w">(DLC)sn 95076103</subfield><subfield code="w">(OCoLC)32987730</subfield></datafield><datafield ind1="0" ind2="5" tag="780"><subfield code="t">Oklahoma post (Fairview, Okla.)</subfield><subfield code="w">(DLC)sn 95076103</subfield><subfield code="w">(OCoLC)32987730</subfield></datafield><datafield ind1="0" ind2="5" tag="780"><subfield code="t">Major County journal</subfield></datafield><datafield ind1="0" ind2="5" tag="780"><subfield code="t">Cleo journal</subfield><subfield code="w">(DLC)sn 94061278</subfield><subfield code="w">(OCoLC)31433051</subfield></datafield><datafield ind1="0" ind2="5" tag="780"><subfield code="t">Major County chieftain</subfield><subfield code="w">(DLC)sn 94061275</subfield><subfield code="w">(OCoLC)3142374</subfield></datafield><datafield ind1="0" ind2="5" tag="780"><subfield code="t">Fairview leader-enterprise</subfield><subfield code="w">(DLC)sn 94061282</subfield><subfield code="w">(OCoLC)31438044</subfield></datafield><datafield ind1="0" ind2="5" tag="780"><subfield code="t">Fairview news</subfield></datafield><datafield ind1="1" ind2=" " tag="029"><subfield code="a">AU@</subfield><subfield code="b">000020521110</subfield></datafield></record>